<record><leader>00000cas a2200000 a 4500</leader><controlfield tag="001">33901148</controlfield><controlfield tag="008">951213d187918uufluwr ne      0    0eng c</controlfield><datafield ind1=" " ind2=" " tag="010"><subfield code="a">sn 95047402 </subfield></datafield><datafield ind1=" " ind2=" " tag="040"><subfield code="a">FUG</subfield><subfield code="b">eng</subfield><subfield code="c">FUG</subfield><subfield code="d">OCLCQ</subfield><subfield code="d">OCLCF</subfield><subfield code="d">OCLCO</subfield></datafield><datafield ind1=" " ind2=" " tag="012"><subfield code="i">9512</subfield></datafield><datafield ind1="1" ind2=" " tag="029"><subfield code="a">AU@</subfield><subfield code="b">000025893023</subfield></datafield><datafield ind1=" " ind2=" " tag="042"><subfield code="a">pcc</subfield></datafield><datafield ind1=" " ind2=" " tag="043"><subfield code="a">n-us-fl</subfield></datafield><datafield ind1="0" ind2=" " tag="130"><subfield code="a">Florida telegraph (Starke, Fla. : 1879)</subfield></datafield><datafield ind1="1" ind2="4" tag="245"><subfield code="a">The Florida telegraph.</subfield></datafield><datafield ind1=" " ind2=" " tag="260"><subfield code="a">Starke, Fla. :</subfield><subfield code="b">W.W. Moore &amp; Son</subfield></datafield><datafield ind1=" " ind2=" " tag="300"><subfield code="a">v.</subfield></datafield><datafield ind1=" " ind2=" " tag="310"><subfield code="a">Weekly</subfield></datafield><datafield ind1="1" ind2=" " tag="362"><subfield code="a">Began in 1879.</subfield></datafield><datafield ind1=" " ind2=" " tag="500"><subfield code="a">Wm. W. Moore, editor.</subfield></datafield><datafield ind1=" " ind2=" " tag="500"><subfield code="a">"Conservative in politics."</subfield></datafield><datafield ind1=" " ind2=" " tag="588"><subfield code="a">Description based on: Vol. 1, no. 14 (Oct. 25, 1879).</subfield></datafield><datafield ind1=" " ind2=" " tag="588"><subfield code="a">Latest issue consulted: Vol. 1, no. 23 (Dec. 27, 1879).</subfield></datafield><datafield ind1=" " ind2="0" tag="651"><subfield code="a">Starke (Fla.)</subfield><subfield code="v">Newspapers.</subfield></datafield><datafield ind1=" " ind2="0" tag="651"><subfield code="a">Bradford County (Fla.)</subfield><subfield code="v">Newspapers.</subfield></datafield><datafield ind1=" " ind2="7" tag="655"><subfield code="a">Newspapers.</subfield><subfield code="2">fast</subfield><subfield code="0">(OCoLC)fst01423814</subfield></datafield><datafield ind1=" " ind2="7" tag="651"><subfield code="a">Florida</subfield><subfield code="z">Bradford County.</subfield><subfield code="2">fast</subfield><subfield code="0">(OCoLC)fst01215456</subfield></datafield><datafield ind1=" " ind2="7" tag="651"><subfield code="a">Florida</subfield><subfield code="z">Starke.</subfield><subfield code="2">fast</subfield><subfield code="0">(OCoLC)fst01215473</subfield></datafield><datafield ind1=" " ind2=" " tag="752"><subfield code="a">United States</subfield><subfield code="b">Florida</subfield><subfield code="c">Bradford</subfield><subfield code="d">Starke.</subfield></datafield><datafield ind1="0" ind2="0" tag="785"><subfield code="t">Weekly Florida telegraph</subfield><subfield code="w">(DLC)sn 95047473</subfield><subfield code="w">(OCoLC)1670604</subfield></datafield><datafield ind1=" " ind2=" " tag="850"><subfield code="a">FU</subfield></datafield></record>